<?xml version="1.0" encoding="UTF-8" standalone="yes"?><bib><mms_id>9912960213804341</mms_id><record_format>marc21</record_format><linked_record_id/><title>Biology</title><author>Adamson, Donald,</author><isbn>0582553547</isbn><network_numbers><network_number>(StEdNL)1296021-nlsdb-Voyager</network_number></network_numbers><place_of_publication>London</place_of_publication><date_of_publication>1977</date_of_publication><publisher_const>Longman,</publisher_const><holdings link="https://api-eu.hosted.exlibrisgroup.com/almaws/v1/bibs/9912960213804341/holdings"/><created_by>import</created_by><created_date>2018-10-10Z</created_date><last_modified_by>82284832</last_modified_by><last_modified_date>2024-07-01Z</last_modified_date><suppress_from_publishing>false</suppress_from_publishing><suppress_from_external_search>false</suppress_from_external_search><suppress_from_metadoor>false</suppress_from_metadoor><rank>70</rank><sync_with_oclc>NONE</sync_with_oclc><sync_with_libraries_australia>NONE</sync_with_libraries_australia><originating_system>OTHER</originating_system><originating_system_id>1296021-nlsdb</originating_system_id><cataloging_level desc="Default Level">00</cataloging_level><brief_level desc="10">10</brief_level><record><leader>00903 am a2200301 x 4500</leader><controlfield tag="001">9912960213804341</controlfield><controlfield tag="005">20240701142800.0</controlfield><controlfield tag="008">771201s1977    enk     w     00010 eng  </controlfield><datafield ind1=" " ind2=" " tag="015"><subfield code="a">B7732608</subfield></datafield><datafield ind1=" " ind2=" " tag="020"><subfield code="a">0582553547</subfield></datafield><datafield ind1=" " ind2=" " tag="035"><subfield code="9">0351-69160</subfield></datafield><datafield ind1=" " ind2=" " tag="035"><subfield code="a">(StEdNL)1296021-nlsdb-Voyager</subfield></datafield><datafield ind1=" " ind2=" " tag="040"><subfield code="a">StEdNL</subfield></datafield><datafield ind1="0" ind2="0" tag="049"><subfield code="a">NL</subfield><subfield code="b">800606</subfield><subfield code="c">NL</subfield><subfield code="d">800606</subfield><subfield code="e">E</subfield><subfield code="f">200</subfield><subfield code="g">NL</subfield><subfield code="h">*</subfield><subfield code="i">NL</subfield><subfield code="z">NL</subfield></datafield><datafield ind1="0" ind2="0" tag="050"><subfield code="a">PE1127.B/</subfield></datafield><datafield ind1="0" ind2="0" tag="082"><subfield code="a">428/.6/4</subfield><subfield code="2">18</subfield></datafield><datafield ind1="1" ind2=" " tag="100"><subfield code="a">Adamson, Donald,</subfield><subfield code="d">1943-</subfield><subfield code="1">https://isni.org/isni/0000000110060929</subfield></datafield><datafield ind1="1" ind2="0" tag="245"><subfield code="a">Biology</subfield><subfield code="p">Teacher's notes /</subfield><subfield code="c">Donald Adamson, Martin Bates.</subfield></datafield><datafield ind1=" " ind2=" " tag="260"><subfield code="a">London</subfield><subfield code="b">Longman,</subfield><subfield code="c">1977</subfield></datafield><datafield ind1=" " ind2=" " tag="300"><subfield code="a">vi,72p</subfield><subfield code="c">24cm</subfield><subfield code="e">sd</subfield></datafield><datafield ind1="0" ind2="0" tag="350"><subfield code="a">£1.00</subfield></datafield><datafield ind1="0" ind2="0" tag="440"><subfield code="a">Nucleus</subfield></datafield><datafield ind1=" " ind2=" " tag="500"><subfield code="a">With answers</subfield></datafield><datafield ind1=" " ind2="0" tag="650"><subfield code="a">Readers</subfield><subfield code="x">Biology.</subfield></datafield><datafield ind1=" " ind2="0" tag="650"><subfield code="a">English language</subfield><subfield code="x">Textbooks for foreign speakers.</subfield></datafield><datafield ind1="1" ind2="0" tag="700"><subfield code="a">Bates, Martin,</subfield><subfield code="d">1935-</subfield></datafield><datafield ind1="0" ind2="0" tag="955"><subfield code="a">HP2.78.2731</subfield><subfield code="b">HP2DOT78DOT</subfield></datafield><datafield ind1=" " ind2=" " tag="956"><subfield code="a">NLS</subfield></datafield></record></bib>